@online{NPR,
Author={Keith, Tamara},
Date={2022},
Title={Biden announced a \$600 billion global infrastructure program to counter China's clout},
journaltitle = {National Public Radio},
URL={https://www.npr.org/2022/06/26/1107701371/biden-announced-a-600-billion-global-infrastructure-program-to-counter-chinas-cl},
}

@online{US,
Date={2022},
journaltitle = {U.S. Mission Italy},
Title={G7 launches plan to boost global infrastructure investment},
URL={https://it.usembassy.gov/g7-launches-plan-to-boost-global-infrastructure-investment/},
}

@online{BRI,
Author={Chatzky, Andrew and McBride, James},
Date={2020},
journaltitle = {Council on Foreign Relations},
Title={China’s Massive Belt and Road Initiative},
URL={https://www.cfr.org/backgrounder/chinas-massive-belt-and-road-initiative},
}

@online{DSR,
Author={Agbebi, Motolani},
Date={2022},
journaltitle = {Council on Foreign Relations},
Title={China’s Digital Silk Road and Africa’s Technological Future},
URL={https://www.cfr.org/blog/chinas-digital-silk-road-and-africas-technological-future},
}

@article{Declaration,
  title = {U.{{S}}. Joins 55 Nations to Set New Global Rules for the Internet},
  author = {Bose, Nandita},
  date = {2022},
  journaltitle = {Reuters},
  url = {https://www.reuters.com/article/usa-internet-rules-idINKCN2MK11U},
}

@book{dreherND,
  title = {Banking on {{Beijing}}: {{The Aims}} and {{Impacts}} of {{China}}’s {{Overseas Development Program}}.},
  author = {Dreher, A. and Fuchs, A. and Parks, B.C. and Strange, A. and Tierney, M.J.},
  year = {ND},
  publisher = {{Cambridge University Press}},
  location = {{Cambridge, UK}}
}